<record><leader>00000cas a2200000 a 4500</leader><controlfield tag="001">15481013</controlfield><controlfield tag="008">870403d18991900inucr ne      0    0eng c</controlfield><datafield ind1=" " ind2=" " tag="010"><subfield code="a">sn 87055251 </subfield></datafield><datafield ind1=" " ind2=" " tag="040"><subfield code="a">NPI</subfield><subfield code="b">eng</subfield><subfield code="c">NPI</subfield><subfield code="d">OCLCQ</subfield><subfield code="d">IUL</subfield><subfield code="d">OCLCF</subfield></datafield><datafield ind1=" " ind2=" " tag="042"><subfield code="a">pcc</subfield></datafield><datafield ind1=" " ind2=" " tag="043"><subfield code="a">n-us-in</subfield></datafield><datafield ind1="0" ind2=" " tag="130"><subfield code="a">Delphi times (Delphi, Ind. : 1899)</subfield></datafield><datafield ind1="1" ind2="4" tag="245"><subfield code="a">The Delphi times.</subfield></datafield><datafield ind1=" " ind2=" " tag="260"><subfield code="a">Delphi, Ind. :</subfield><subfield code="b">R.M. Isherwood,</subfield><subfield code="c">-1900.</subfield></datafield><datafield ind1=" " ind2=" " tag="310"><subfield code="a">Semiweekly</subfield></datafield><datafield ind1="1" ind2=" " tag="362"><subfield code="a">Began in Jan. 1899?</subfield></datafield><datafield ind1="0" ind2=" " tag="362"><subfield code="a">-Fifty-second year, no. 28 (June 16, 1900).</subfield></datafield><datafield ind1=" " ind2=" " tag="588"><subfield code="a">Description based on: 50th year, no. 92 (January 25, 1899).</subfield></datafield><datafield ind1=" " ind2="0" tag="651"><subfield code="a">Delphi (Ind.)</subfield><subfield code="v">Newspapers.</subfield></datafield><datafield ind1=" " ind2="0" tag="651"><subfield code="a">Carroll County (Ind.)</subfield><subfield code="v">Newspapers.</subfield></datafield><datafield ind1=" " ind2="7" tag="655"><subfield code="a">Newspapers.</subfield><subfield code="2">fast</subfield><subfield code="0">(OCoLC)fst01423814</subfield></datafield><datafield ind1=" " ind2="7" tag="651"><subfield code="a">Indiana</subfield><subfield code="z">Carroll County.</subfield><subfield code="2">fast</subfield><subfield code="0">(OCoLC)fst01211749</subfield></datafield><datafield ind1=" " ind2="7" tag="651"><subfield code="a">Indiana</subfield><subfield code="z">Delphi.</subfield><subfield code="2">fast</subfield><subfield code="0">(OCoLC)fst01233432</subfield></datafield><datafield ind1=" " ind2=" " tag="752"><subfield code="a">United States</subfield><subfield code="b">Indiana</subfield><subfield code="c">Carroll</subfield><subfield code="d">Delphi.</subfield></datafield><datafield ind1="0" ind2="0" tag="780"><subfield code="t">Weekly times (Delphi, Ind. : 1896)</subfield><subfield code="w">(DLC)  2017238252</subfield><subfield code="w">(OCoLC)984129723</subfield></datafield><datafield ind1="0" ind2="0" tag="780"><subfield code="t">Semi-weekly times (Delphi, Ind.)</subfield><subfield code="w">(DLC)sn 87055502</subfield><subfield code="w">(OCoLC)15481196</subfield></datafield><datafield ind1="0" ind2="7" tag="785"><subfield code="t">Carroll County citizen</subfield><subfield code="w">(DLC)sn 86058958</subfield><subfield code="w">(OCoLC)14767393</subfield></datafield><datafield ind1="0" ind2="7" tag="785"><subfield code="t">Carroll County citizen-times</subfield><subfield code="w">(DLC)sn 84045404</subfield><subfield code="w">(OCoLC)11312826</subfield></datafield><datafield ind1="4" ind2="1" tag="856"><subfield code="u">https://access.newspaperarchive.com/us/indiana/delphi/delphi-times/</subfield></datafield></record>